@book{Hayashi2000,
address = {New Jersey},
author = {Hayashi, Fumio},
edition = {1},
file = {:Users/macbook/OneDrive/e{\_}books/livros{\_}digitais/Conspira{\c{c}}{\~{a}}o PUC EPGE/Estatistica e Econometria/Hayashi, F. (2000) Econometrics.pdf:pdf},
isbn = {0691010188},
keywords = {Econometrics,GMM},
mendeley-tags = {Econometrics,GMM},
pages = {683},
publisher = {Princeton University Press},
title = {{Econometrics}},
year = {2000}
}
@book{Greene2012,
author = {Greene, William H.},
edition = {7},
file = {:Users/macbook/OneDrive/e{\_}books/livros{\_}digitais/greene{\_}2012/Greene 7a Edi{\c{c}}{\~{a}}o.pdf:pdf},
isbn = {9780273753568},
keywords = {Econometrics},
mendeley-tags = {Econometrics},
pages = {1238},
publisher = {Pearson Education Limited},
title = {{Econometric Analysis}},
year = {2012}
}
@book{Wooldridge2010,
address = {Cambridge},
author = {Wooldridge, Jeffrey M},
edition = {2},
file = {:Users/macbook/OneDrive/e{\_}books/livros{\_}digitais/Conspira{\c{c}}{\~{a}}o PUC EPGE/Estatistica e Econometria/Wooldridge, J. (2010) Econometric Analysis of Cross Section and Panel Data 2ed.pdf:pdf},
isbn = {9780262232586},
keywords = {cross section,econometrics,panel data},
mendeley-tags = {econometrics,panel data,cross section},
pages = {1064},
publisher = {MIT Press},
title = {{Econometric Analysis of Cross Section and Panel Data}},
year = {2010}
}
@book{Hamilton1994,
address = {Princeton},
author = {Hamilton, James Douglas},
edition = {1},
file = {:Users/macbook/OneDrive/e{\_}books/livros{\_}digitais/Conspira{\c{c}}{\~{a}}o PUC EPGE/Estatistica e Econometria/Hamilton, J. (Princeton, 1994) Time Series Analysis.pdf:pdf},
isbn = {0691042896},
keywords = {econometrics,time series analysis},
mendeley-tags = {econometrics,time series analysis},
pages = {799},
publisher = {Princeton University Press},
title = {{Time Series Analysis}},
year = {1994}
}
@book{Hansen2020,
author = {Hansen, Bruce E.},
file = {:Users/macbook/OneDrive/e{\_}books/livros{\_}digitais/hansen{\_}econometrics{\_}2020/Econometrics.pdf:pdf},
keywords = {econometrics},
mendeley-tags = {econometrics},
pages = {894},
title = {{Econometrics}},
url = {https://www.ssc.wisc.edu/{~}bhansen/econometrics/},
year = {2020}
}
@book{Hansen2020a,
author = {Hansen, Bruce E.},
file = {:Users/macbook/OneDrive/e{\_}books/livros{\_}digitais/hansen{\_}econometrics{\_}2020/Probability.pdf:pdf},
keywords = {econometrics,probability},
mendeley-tags = {probability,econometrics},
pages = {373},
title = {{Introduction to Econometrics}},
url = {https://www.ssc.wisc.edu/{~}bhansen/econometrics/},
year = {2020}
}
